@misc{calorie-mama,
author = {Azumio Inc.},
title = {Calorie Mama},
url = {https://www.caloriemama.ai/},
year = {2017}
}

@misc{foodai,
author = {R\&D team, Prof. Steven HOI},
title = {FoodAI},
url = {https://foodai.org/},
school = {School of Information Systems (SIS)},
institution = {Singapore Management University (SMU)}
}

@misc{food-101,
author = {K Scott Mader},
title = {Food-101},
url = {https://www.kaggle.com/kmader/food41},
year = {2018}
}

